3159 4925
272 340 358 407 1136
615 354 723 407 norm
749 356 949 406 vsnronurs
972 354 1013 406 ru

304 496 414 549 tl'isleo
424 498 570 563 quaestum]
586 497 805 562 Tragteiicarte‚
843 498 1145 563 sutraalrstarlutoga
1177 498 1372 564 amramitis

272 576 363 642 siquid
375 584 444 627 esset
455 577 522 641 qrroul
534 576 676 641 principem
686 582 714 625 et
724 589 805 639 popu·
842 575 921 626 uicta
928 575 1081 640 improprie,
1089 574 1146 625 sire
1153 581 1221 641 toge
1229 575 1282 625 illas
1292 576 1375 625 mimi·

272 654 325 704 lum
336 654 376 705 vel
387 654 497 703 monitos
514 653 557 702 vel
576 662 680 717 rogatos
696 652 805 716 vallent,
842 666 891 713 cre,
901 650 1005 700 consuti
1021 665 1054 701 ει
1075 651 1219 715 panniculis
1235 651 1373 702 versicolo-

273 730 410 795 eplatolam
422 729 587 791 exhibebant,
601 743 678 795 quam
695 727 805 778 anodia-
841 726 887 776 riis
897 734 1032 777 centones.
1054 726 1173 778 scenicas
1180 742 1275 791 nempe
1287 737 1373 779 restes

272 807 349 857 aimus
371 806 464 872 aliquia
487 806 575 869 Curio,
599 807 644 870 qul
667 806 803 856 theatralis
841 803 869 853 iar
885 803 961 865 ῥαπῦα
980 801 1042 853 τίαν
1059 803 1160 854 sirm&
1178 804 1374 868 mesasppbm,

272 882 804 950 quasiprreconisofficiosunaebatuncla·
840 882 1304 947 ησίίίίαεαίαπείαπαμππίεσαπείη.
1320 886 1375 935 Νο·

272 963 494 1028 relegebatvoca.
527 962 585 1013 Hoc
595 961 758 1013 ieceruntilll
769 978 803 1013 ex
840 958 985 1010 luercenim
997 960 1374 1027 nominatissimumque

272 1040 439 1099 necessitate,
447 1038 515 1104 quod
524 1039 555 1089 iis
562 1040 588 1089 in
594 1040 734 1089 dramatico
742 1038 804 1105 poii·
839 1044 904 1086 uota
914 1036 1020 1101 propris
1030 1037 1155 1099 civitatis,
1162 1037 1308 1089 actionibus
1318 1051 1374 1088 aee·

273 1122 354 1178 mate,
361 1130 419 1181 quas
429 1124 504 1167 extra
513 1130 615 1167 scenam
625 1126 654 1167 et
669 1130 804 1179 argumen·
841 1114 907 1164 uicis
915 1112 1088 1164 dehonestari.
1104 1112 1225 1165 Μαιηπί.

166 1258 168 1262 ¹
274 1200 328 1242 tom
343 1198 439 1255 essent,
460 1192 531 1257 loqui
552 1208 603 1242 uon
622 1194 731 1243 liceret:
751 1192 803 1243 lroc
872 1192 982 1255 Desipas
1007 1191 1104 1255 σίᾱεαίε,
1132 1190 1187 1255 ira]
1223 1190 1318 1256 Neque
1346 1196 1374 1240 te

273 1268 348 1319 tibio
362 1269 490 1319 Martialis
507 1270 534 1319 iu
544 1268 736 1333 epigrammatis
751 1268 803 1318 tuis
840 1275 918 1333 putea
927 1268 1038 1332 epistola
1053 1265 1135 1332 magis
1146 1266 1270 1317 munitum
1282 1265 1373 1317 adser-

274 1358 327 1394 nou
348 1358 423 1409 eque
445 1358 551 1395 necesse
577 1350 628 1408 eat,
648 1358 707 1409 quta
729 1343 804 1409 quasi
840 1359 884 1397 sas
895 1345 1045 1403 maledicos,
1056 1358 1132 1410 qoam
1143 1344 1233 1409 siquis
1247 1343 1374 1408 myrmillo

274 1419 397 1485 epistolia
406 1430 473 1471 suut.
840 1428 933 1473 contra
941 1421 1076 1472 retiarium
1086 1419 1171 1471 ferula
1181 1433 1230 1483 pro
1238 1434 1301 1471 ense
1310 1430 1375 1487 pog-

308 1495 422 1561 cutm]
454 1496 573 1549 Curionis
599 1496 711 1548 oiiiciuur
738 1504 806 1561 erat,
841 1505 927 1548 uarat.

274 1575 360 1625 omnia
374 1588 431 1639 qne
452 1574 478 1623 iu
495 1575 608 1637 theatro,
620 1576 668 1638 ,sal
680 1574 806 1639 principia
875 1576 931 1638 Ego
957 1575 1029 1639 ister,
1049 1574 1104 1639 ia]
1127 1574 1167 1625 ut
1184 1574 1254 1624 cuim
1271 1581 1375 1639 speeta-

218 1668 224 1676 ·
273 1650 455 1713 mandato,sel
473 1650 638 1715 magistratus
652 1650 806 1715 jussuedio·
843 1658 913 1703 tores
930 1650 1068 1701 illiusmodi
1085 1650 1255 1716 myrmillonis
1265 1650 1376 1700 inconsi-

274 1731 347 1788 tose,
357 1727 399 1776 vel
410 1726 518 1791 alicujus
531 1728 658 1789 postulato
669 1726 807 1791 pronunci·
842 1727 962 1780 aeratam
979 1727 1115 1779 audaciam
1126 1726 1238 1777 aromati
1248 1726 1375 1777 reclama·

275 1802 342 1855 anuis
363 1809 448 1867 erant,
472 1803 650 1866 proclamare,
675 1802 714 1852 uti
731 1802 805 1867 quasi
843 1812 914 1869 rant,
924 1805 961 1857 its
973 1806 1116 1856 iutsralios
1127 1813 1216 1870 stege
1227 1811 1297 1855 taam
1307 1804 1375 1855 hauc

275 1891 424 1941 praeconem
442 1887 532 1943 ageret
552 1879 706 1930 theatralem
717 1878 806 1929 Curio.
844 1882 1020 1933 temeritatem
1030 1882 1143 1946 epistola
1159 1882 1306 1932 uolutamur
1319 1878 1375 1931 affl·

273 1954 534 2007 lurneb.l.il⁵.c.8.
844 1958 940 2009 tacite
959 1956 1102 2010 defendere
1115 1959 1243 2009 conantis.
1276 1958 1315 2008 llt
1330 1974 1375 2023 pa·

307 2033 479 2098 Mulaliugsu]
495 2035 592 2086 Libera
601 2043 629 2085 et
640 2035 763 2086 mordaci.
844 2049 901 2085 rum
930 2034 957 2084 ln
979 2034 1064 2085 serula
1085 2033 1210 2085 adversas
1230 2035 1375 2098 retianum,

307 2114 324 2160 u
341 2112 399 2159 Noli
417 2126 482 2174 ergo,
496 2111 551 2176 pn]
570 2112 629 2161 Noli
638 2110 761 2161 indecore
779 2118 809 2162 et
845 2112 1019 2175 sicparumin
1036 2111 1149 2176 epistola
1161 2111 1285 2163 adversus
1296 2124 1377 2161 mmu-

276 2185 388 2235 absurde
407 2187 484 2236 minio
503 2186 627 2237 iuducere
648 2195 735 2249 togam
750 2188 809 2251 (qui
846 2188 885 2239 los
895 2194 924 2237 et
934 2189 1126 2238 obueetatorea
1137 2185 1252 2252 preasidii
1263 2195 1313 2238 cat.

275 2262 501 2322 pravitatiscnltua
512 2260 565 2327 est)
580 2262 608 2310 id
619 2268 668 2323 eat,
679 2262 808 2326 epigram·
878 2266 943 2315 Patr
961 2279 1007 2327 sas,
1031 2264 1086 2327 in]
1110 2263 1262 2330 Respondet
1282 2261 1375 2313 Marti-

275 2338 339 2387 mati
362 2338 509 2403 epistolam,
530 2337 645 2402 poiimati
666 2338 809 2387 orationem
845 2341 910 2391 alis:
926 2343 979 2391 ‘Et
989 2356 1053 2391 sane
1063 2342 1214 2405 perlongum
1232 2340 1376 2402 scripturus

279 2417 401 2469 solutam.
845 2432 915 2469 eram
937 2418 1089 2483 epistolam
1111 2418 1157 2468 sei
1176 2431 1193 2467 s
1212 2423 1239 2466 ta
1253 2416 1377 2480 monitus,

310 2495 399 2558 Tagrus
426 2494 525 2545 sallusti
555 2495 665 2545 induem
690 2491 809 2557 ρεεααπε]
844 2498 979 2549 consulam
988 2496 1378 2563 mutansqoclectoremloaga
1447 2536 1449 2545 .

276 2569 809 2635 QueritScriverius,quarshocGrutero
845 2573 959 2638 epistola
968 2572 1102 2638 irrigabo:

275 2645 448 2709 displicuerit.
491 2647 570 2698 Haud
592 2646 656 2708 acio,
676 2646 739 2711 quid
760 2645 810 2705 iili,
878 2651 954 2713 Quia,
968 2653 991 2701 si
1003 2651 1077 2714 ωίω]
1095 2650 1250 2716 brugias-em
1265 2648 1315 2699 tibi
1331 2663 1376 2699 so·

275 2723 337 2773 milri
347 2724 451 2790 quitiam
463 2726 629 2774 uehementer
639 2723 762 2787 displicet
770 2723 808 2771 ts·
846 2728 883 2776 lui
903 2727 1039 2790 epistolam
1057 2723 1154 2788 facere,
1180 2733 1209 2776 st
1227 2725 1330 2789 quidem
1352 2723 1377 2772 αί

274 2802 471 2863 emersimus.
504 2803 644 2852 ‘Calceum
667 2798 809 2862 inducar&
845 2802 926 2852 scires
937 2809 1035 2867 quauta
1045 2815 1103 2851 mm
1115 2802 1184 2852 volui
1194 2814 1252 2851 case
1263 2800 1377 2864 lungite·

274 2877 328 2940 legi
339 2876 408 2941 sputi
419 2883 566 2936 veterensi
582 2873 810 2940 ‘scutapellibus‚'
845 2877 916 2938 dine,
933 2877 1079 2926 tumetium
1096 2877 1379 2940 magisilrmojtalisqus

276 2959 305 3001 et
319 2951 406 3002 ‘coria
426 2951 533 3002 induci!
554 2951 638 3001 Lanss
664 2952 708 3001 uia
734 2957 810 3016 puto,
845 2953 1378 3017 diceraa,ao.lmportunemisccriepisto·

274 3027 738 3079 multominnsuestimenlumlaxum.
755 3028 807 3078 Po·
845 3029 883 3079 ias
903 3031 978 3094 operi
997 3031 1221 3094 epigrammatum.
1239 3028 1357 3078 Μααααιὺ.

275 3113 425 3159 testantem
445 3104 569 3167 dubitari,
581 3104 665 3154 verim
678 3105 723 3168 sit,
736 3105 807 3170 quoti
878 3107 959 3157 Erro.
969 3119 989 3156 1.
1006 3107 1182 3169 li'erreatsaa,
1192 3105 1245 3170 lo]
1263 3107 1378 3156 Excusat

275 3183 383 3234 Gruteri
390 3181 496 3233 codices
503 3179 730 3245 ultramauquoul
739 3180 808 3230 Scri-
844 3181 904 3233 libri
915 3182 990 3248 lrojus
1006 3181 1173 3246 brevitatem,
1183 3183 1227 3248 qui
1237 3183 1379 3246 nonaginta

276 3262 403 3323 serianus,
416 3261 551 3310 saltantem.
585 3257 730 3308 Prinasst:
746 3256 809 3308 nori
843 3267 872 3310 et
892 3260 943 3310 tria
962 3259 1042 3311 habet
1068 3259 1272 3323 Epigrammata,
1299 3274 1377 3324 qurum

275 3349 344 3398 eom,
355 3335 399 3400 qul
409 3335 446 3385 sic
458 3349 486 3386 sa
505 3333 729 3398 prescrutantur
746 3341 809 3400 toga
845 3342 935 3400 posset
943 3336 999 3402 ipss
1009 3337 1120 3402 plurima
1129 3335 1235 3386 addere.
1266 3337 1378 3386 Euome-

275 3409 460 3474 saltet,iuapte
470 3408 594 3475 praeferre
603 3409 737 3475 pudorem,
748 3424 808 3475 per-
844 3421 888 3464 rat
896 3412 992 3464 delude
1000 3412 1136 3464 commosis
1145 3411 1361 3462 breuiorisllbelli
1373 3424 1381 3458 ε

276 3501 340 3536 roua
348 3487 428 3552 capiti
439 3487 554 3537 inducta.
587 3484 808 3540 Posteriusi'orets
845 3496 874 3541 et
892 3490 984 3540 ultimo
1005 3489 1172 3555 conqueritur
1190 3488 1267 3552 hunc,
1280 3489 1323 3537 vel
1341 3488 1380 3536 ita

277 3569 307 3613 ut
330 3564 464 3613 Ciceronis
484 3565 502 3613 l.
522 3565 547 3612 i.
566 3563 643 3628 epist.
664 3567 703 3616 ll.
720 3565 809 3616 ‘Mira
845 3565 963 3628 brevem,
980 3565 1109 3630 aliquibus
1128 3565 1379 3629 slaumlrilouguu.

277 3640 346 3691 enim
355 3653 465 3705 persons
481 3638 571 3690 induci
589 3647 677 3704 potest
688 3639 809 3690 Britanni
846 3642 935 3705 nme]
952 3641 1064 3704 (lapara.

271 3714 462 3780 jnreconsnlti.'
478 3717 514 3766 Et
521 3715 637 3765 Suetonii
648 3716 674 3765 iu
684 3717 807 3767 Nerones
878 3723 894 3768 u
911 3718 1066 3782 limenio]
1083 3719 1233 3782 Pateretur,
1244 3719 1379 3770 toleraret.

275 3791 405 3842 ‘Inducta
415 3799 458 3842 est
468 3799 497 3842 et
513 3789 615 3842 Afranii
633 3799 733 3856 togata,
749 3808 809 3858 quar
879 3799 894 3844 t
910 3794 1038 3858 Βασσίπείί,
1056 3797 1109 3860 lfa]
1132 3798 1226 3849 Brevis
1240 3797 1299 3848 libri
1310 3811 1378 3848 com·

277 3869 430 3921 Incendium
462 3867 631 3920 intrabitur?
668 3869 809 3918 Gmociaa.
846 3868 933 3920 moda.
966 3871 1146 3934 Metsphorios
1162 3872 1379 3936 eosiguificamus

277 3948 376 4012 Tagara]
392 3946 446 3996 Per
463 3945 582 4010 ‘togam'
600 3945 811 4010 trapiacprosam
846 3947 998 4011 expeditam
1015 3948 1138 4012 aliquem,
1155 3956 1185 3999 ut
1203 3949 1237 3998 tio
1252 3948 1334 3998 milite
1344 3946 1379 3998 ari

275 4025 332 4075 aive
344 4025 454 4076 solutam
465 4032 493 4074 et
502 4024 611 4075 liberam
622 4023 744 4087 intelligit
753 4039 810 4074 ora·
847 4025 965 4090 pralium
978 4032 1077 4088 parato.

277 4101 385 4152 tionem:
414 4115 461 4166 prr
485 4101 637 4152 ‘saltantem
658 4112 812 4164 personant
879 4101 1025 4162 iBreaior,
1045 4099 1098 4163 ie]
1128 4100 1216 4150 Minus
1236 4100 1334 4150 insumo
1352 4106 1382 4150 et

278 4177 408 4240 poemata.
441 4180 576 4230 saltantur
587 4178 706 4242 poiimata
715 4178 742 4226 in
754 4192 811 4226 aes·
849 4176 931 4241 perdo
941 4177 1037 4226 cisarte
1048 4193 1059 4235 ;-
1073 4176 1198 4226 modeste.

280 4255 350 4306 tibus
367 4257 488 4307 scenicis:
507 4271 583 4322 prom
602 4257 687 4306 oratio
703 4257 812 4306 liabetur
857 4253 1022 4317 uilleiaie,
1048 4252 1102 4317 isa]
1145 4253 1275 4303 Librarius
1303 4255 1379 4304 citios
