3159 4925
293 380 381 448 1472
435 394 630 445 cananeus
654 392 868 443 anrrrorrurr
893 392 932 441 rr.
955 390 1040 441 var.
1064 388 1285 441 naarrrnre.

291 544 327 604 T..
350 542 531 623 laeaaingiue.
572 542 621 605 ei.
644 561 745 603 eoram
767 542 851 620 opp.
874 550 904 601 et
926 539 1139 601 Collectionern
1163 538 1380 619 praecipuorum

241 664 246 671 ’
290 639 540 720 Epigrammatnnr
554 639 656 699 Germ.
670 638 763 717 llige.
780 634 869 707 1766.
885 644 914 698 8.

332 737 495 815 Hispaniee
503 736 639 797 nonnulla
647 735 787 797 Martialis
795 734 1011 814 Epigrammata
1022 733 1229 811 interpretatae
1238 740 1284 791 eat
1295 730 1383 790 Ema-

291 832 359 893 arrei
373 833 411 893 (le
425 832 549 893 Saliner.
584 832 633 893 Cl.
647 830 777 892 larentii
790 828 929 891 Graciani
943 832 1012 890 Arte
1025 829 1064 889 rle
1078 828 1210 907 Ingenia.

333 928 556 989 Graecnmtecit
576 929 743 989 Martialem
763 928 827 988 los.
848 927 980 1005 Scaliger
1000 926 1030 985 in
1052 925 1206 1005 Florilegin
1231 922 1386 992 Martialis,

292 1023 375 1085 edita
388 1025 427 1085 ab
440 1026 480 1085 la.
494 1025 672 1085 Caaanbono
687 1024 777 1084 Paria.
794 1020 882 1093 1607.
904 1042 964 1101 qno
979 1022 1106 1083 Libellus
1129 1022 1167 1083 (le
1189 1019 1384 1100 Spectaculis,-
1420 1008 1425 1017 ⁸

294 1121 360 1181 Lib.
380 1137 465 1181 1111.
484 1130 515 1181 et
537 1119 724 1181 ¹1V.lernre
746 1119 859 1197 integri,
883 1126 914 1179 et
934 1139 971 1180 ex
994 1118 1098 1179 celeria
1121 1117 1279 1179 (lncrlecirn
1303 1117 1384 1177 libria

292 1216 540 1298 linigranrnratnrn
555 1216 625 1276 ratis
640 1236 759 1295 magnas
772 1234 909 1276 numerus
923 1213 1189 1295 comprehenditur.
1230 1215 1307 1285 Quae
1320 1214 1384 1293 qai·

248 1368 253 1377 .
294 1310 363 1373 dena
384 1332 474 1392 opera
489 1312 616 1393 Martiali
636 1314 733 1373 locata
745 1334 764 1373 a
775 1312 934 1392 scaligero,
948 1310 1082 1371 landatur
1095 1320 1125 1372 et
1137 1312 1167 1369 in
1181 1310 1288 1371 coelnnr
1299 1309 1384 1371 effer·

294 1418 374 1469 tura
390 1408 578 1481 Caraubono,
592 1408 642 1470 aed
664 1410 766 1469 merito
780 1409 980 1490 perstringitur
992 1428 1010 1469 a
1025 1410 1176 1487 Mannoya
1191 1409 1220 1469 in
1234 1408 1385 1489 Menagia·

293 1505 338 1565 nie
347 1504 386 1566 T.
398 1520 421 1565 1.
433 1526 465 1587 p.
480 1506 624 1568 sar-336.
633 1506 681 1565 ed.
693 1506 785 1566 Paria.
817 1505 929 1566 inserta
940 1505 1028 1567 etiarn
1037 1506 1221 1585 reperiuntur
1235 1504 1298 1567 laec
1313 1506 1384 1585 Epi·

293 1613 455 1682 grammata
469 1602 499 1661 in
509 1602 618 1680 majore
632 1602 761 1663 editione
777 1602 906 1663 Parisina
919 1602 1074 1675 Martialis,
1089 1621 1158 1663 cunr
1175 1602 1239 1661 aliia
1251 1601 1384 1681 ejusdem

293 1698 561 1779 Epigrammatibna
584 1719 601 1758 a
628 1698 651 1758 F
654 1718 732 1759 rane.
755 1699 882 1759 Marello
911 1698 1062 1758 translatis.
1104 1698 1218 1778 Nempe
1244 1698 1385 1759 Morellna

288 1780 354 1876 jam
369 1806 438 1857 ante
452 1796 630 1872 Scaligernrn
643 1794 781 1872 quadam
796 1794 937 1881 Martialis
951 1796 1058 1855 Graece
1072 1804 1206 1869 verterat,
1231 1796 1385 1874 separatim

295 1892 539 1972 eb'iproduabus
552 1891 677 1970 plagalis
691 1890 771 1951 edita
793 1892 871 1951 circa
893 1910 943 1952 an.
964 1878 1057 1953 4600.
1081 1894 1157 1977 Ι846
1181 1894 1254 1953 male
1279 1892 1387 1953 omisca

295 1999 365 2050 aunt
377 1999 529 2049 auctorum
544 1987 698 2047 nominain
718 1987 849 2049 editione
868 1988 1033 2049 Pariaienai.
1074 1972 1217 2049 Paneiara
1236 1990 1387 2071 Epigram-

295 2095 373 2147 nrata
392 2084 491 2145 itidem
513 2085 542 2143 in
567 2104 729 2145 aermonenr
753 2088 895 2146 Graecum
917 2085 1126 2147 transtulerunt
1153 2087 1256 2147 Danaa
1283 2090 1386 2164 major,

297 2184 401 2243 Erana.
418 2182 576 2251 Martinus,
591 2181 759 2260 Menagins,
773 2181 831 2242 alii.

338 2276 483 2337 Hadriani
497 2276 669 2336 Bererlandi
692 2285 771 2336 natae
796 2274 912 2337 ineditae
932 2276 969 2337 ad
985 2277 1147 2338 Martialem
1170 2288 1199 2339 et
1220 2281 1387 2341 Juvenalern

297 2375 373 2433 Mea.
388 2382 585 2433 memorantur
607 2373 635 2431 in
660 2372 790 2433 Novellia
804 2374 943 2452 Reipubl.
963 2374 1094 2437 literariae
1113 2397 1141 2437 e.
1166 2372 1251 2449 1699.
1265 2377 1303 2437 Τ.
1318 2395 1342 2438 ι.
1355 2399 1388 2457 p.

298 2467 369 2530 468.
410 2469 519 2529 Nescio
542 2489 628 2548 quern
654 2470 797 2529 Martialis
822 2471 1009 2551 interpretem
1032 2472 1107 2532 ridet
1122 2475 1257 2534 Bertlriua
1272 2477 1309 2534 ad
1324 2479 1388 2536 Sta·

298 2565 372 2626 tium
387 2565 428 2624 Τ.
444 2583 467 2626 1.
488 2583 520 2644 p.
541 2573 612 2636 473.
653 2566 818 2627 Marcilium
841 2585 878 2626 an
897 2568 1093 2628 Scriveriunrl
1115 2571 1164 2649 qui
1186 2572 1336 2650 scaligero
1358 2574 1387 2633 in

299 2662 439 2739 Epistolia
449 2662 558 2722 dicitnr
571 2663 723 2735 lentulus,
736 2673 767 2723 et
780 2663 811 2722 in
826 2683 886 2743 quo
896 2659 971 2724 'nihil
985 2666 1089 2738 ornati,
1104 2667 1173 2726 nilril
1187 2669 1259 2728 culti
1272 2670 1389 2747 reperiri

299 2758 341 2817 ait
355 2758 526 2819 Holrteniua
541 2758 636 2836 Epist.
660 2758 698 2818 ad
719 2759 961 2830 Elmenhoratinm
981 2765 1061 2840 (poet
1082 2762 1245 2839 Gudianar)
1267 2784 1302 2844 p.
1318 2773 1389 2837 920.

301 2854 433 2915 salmasii
443 2865 475 2916 et
487 2855 578 2915 lenaei
593 2856 689 2915 Verrii
701 2855 880 2918 aditionibus
894 2857 956 2920 l'ata
969 2859 1169 2920 intercearere.
