3159 4925
245 280 341 373 ‘1078
607 317 714 381 noun
737 318 938 367 visroncia
963 317 1004 365 ss

255 466 323 515 Hoc
333 462 402 513 enim
413 468 452 511 est
464 459 583 523 οἰκονομία
591 460 781 524 Martialium·
820 460 855 510 ob
872 460 1002 526 triplicem
1017 460 1072 525 ejus
1091 460 1117 511 in
1134 461 1208 521 caelo,
1224 461 1349 524 lersis,et

255 540 354 589 minare
368 552 432 599 rem,
441 552 500 602 quse
516 536 679 587 admirationi
689 544 739 599 est,
754 542 783 588 et
822 534 914 588 inieris
939 542 1106 601 potestatem.
1147 538 1243 588 'l'risiis
1269 540 1349 589 etiam

257 619 341 668 locum
365 615 406 664 rel
419 620 541 679 pentem,
560 614 604 665 ubi
621 612 784 665 admirationi
822 626 936 677 praeesse
961 612 1054 664 fertur.
1095 611 1226 663 Referunt
1248 613 1292 663 ulli
1315 612 1349 662 sd

257 702 308 743 est.
342 690 385 741 Sic
394 691 439 755 sit,
458 691 608 755 ‘Memphis
618 692 692 741 sileat
703 692 785 755 Pyra·
823 696 877 739 trss
899 690 1012 740 decades
1032 692 1140 752 mensis,
1159 688 1292 752 Ιοτιμθον,
1309 708 1352 751 μο-

257 769 354 820 midam
364 767 488 818 miracula
497 766 632 819 harberst'
646 768 730 829 idest,
738 768 786 818 iss·
823 764 928 829 σσΐποο,
943 761 1089 829 W·
1120 766 1207 817 hislies
1224 768 1353 816 tum-r
1401 822 1408 835 ,

257 846 350 895 manis.
393 842 493 895 Passim
515 844 608 895 cicero
632 842 786 896 ‘immunes’
825 840 904 905 iosos]
935 841 1051 907 Propter
1061 843 1150 893 molles
1161 843 1249 907 Ionas,
1267 843 1350 894 omnis

257 920 381 971 barbsros
396 919 650 971 et‘immsuitateur'
669 920 787 971 barbaro·
825 917 948 982 nequitie
967 918 1125 981 inventores,
1152 920 1236 969 Deam
1266 918 1353 969 multi·

259 1012 324 1049 rum.
356 994 785 1062 dicetiam,‘dssyriuslsboruon
824 990 1050 1056 menimis-‚festi
1067 1007 1166 1044 sumus
1183 1008 1243 1045 com
1258 1008 1353 1059 pompe

254 1070 510 1139 juctetBsbyloust’
527 1071 611 1136 idest,
621 1070 722 1137 Assyrii
735 1086 786 1121 non
825 1077 854 1118 et
872 1069 982 1119 mollitie
1004 1069 1172 1135 celebratam,
1189 1070 1352 1122 sacerdotem

260 1148 395 1198 venditent
404 1154 526 1213 tanquam
537 1161 659 1197 manuum
675 1154 704 1197 st
718 1146 788 1197 isbo·
826 1145 938 1211 dentque
952 1151 1103 1197 castratum.
1128 1147 1197 1197 Vide
1213 1146 1284 1212 Aug.
1301 1146 1354 1197 Po·

260 1226 297 1275 ris
315 1220 462 1289 prodigium
483 1220 625 1287 Bsbylsus.
659 1222 711 1274 iisd
738 1234 788 1273 noc
825 1220 909 1271 litias.
924 1220 1039 1274 hdisosll.
1060 1238 1085 1274 c.
1098 1228 1141 1275 oi.
1167 1224 1274 1275 ‘hlodis
1293 1238 1352 1289 qn·

257 1301 355 1351 ‘lones
383 1299 522 1349 laudentur
546 1299 640 1349 'l'rlsiu
669 1299 788 1363 templo:'
826 1297 994 1349 tenditlous’
1015 1299 1169 1365 Pmpsrt.l.
1182 1306 1276 1353 l.e.tt.
1293 1300 1355 1352 Hac

261 1391 312 1426 non
329 1383 544 1427 commemoretur
564 1376 651 1426 Diana
669 1376 791 1440 Ephesis,
828 1376 927 1425 rstioue
938 1375 1358 1439 motnslisderamlcctlouestrsi

261 1458 383 1518 tauqusm
399 1450 516 1514 Ionibus,
534 1452 585 1501 illis
603 1451 709 1501 mollitis
724 1450 790 1501 luia·
828 1449 1016 1515 ismpsufert
1024 1452 1185 1513 odilonem.
1202 1452 1269 1503 Attis
1279 1466 1358 1518 prop·

262 1529 346 1579 suibus
361 1536 390 1578 st
408 1528 547 1591 litandam,
557 1528 676 1578 eximiam
688 1528 789 1578 leudem
827 1533 870 1577 ter
881 1527 956 1591 signa
970 1525 1069 1577 affabre
1087 1534 1116 1578 et
1134 1528 1169 1578 sd
1185 1530 1272 1579 visum
1286 1527 1357 1579 ellic-

262 1604 357 1669 iereus.
390 1604 426 1654 Et
441 1604 493 1655 ista
510 1603 582 1654 ‘ars'
598 1604 738 1654 innumeris
756 1604 790 1655 ds
829 1608 865 1654 ta.
891 1602 987 1667 Virgii.
1009 1602 1158 1668 ‘Spirensis
1174 1603 1358 1655 molitosere’

262 1681 383 1733 cornibus
411 1685 512 1730 structa
537 1686 627 1731 cesset
659 1686 792 1731 ostentare
825 1686 858 1729 st
877 1679 996 1743 Flweus,
1016 1680 1121 1731 ‘nolles
1145 1680 1289 1731 imitabitur
1299 1694 1356 1730 tre

261 1754 380 1820 ‘Delum’
394 1769 443 1805 nec
460 1755 588 1806 habeatnr
611 1756 638 1807 iu
657 1750 791 1821 posterum
829 1754 955 1821 capillos?
977 1754 1082 1807 Potitus
1093 1756 1289 1807 rescribendum
1296 1770 1358 1808 oon·

260 1834 334 1899 justa
352 1847 440 1895 causa,
457 1846 505 1882 eur
523 1832 558 1882 ob
575 1846 631 1882 esrn
648 1832 745 1882 rhetor
760 1845 792 1882 sc
825 1836 898 1902 jicit,
923 1836 1027 1886 imm.
1063 1835 1128 1899 dios
1150 1833 1357 1884 emendationem

264 1908 424 1974 predicetur
436 1906 525 1958 Delos.
549 1906 669 1973 Denique
681 1920 731 1957 uso
738 1906 793 1971 ao·
829 1926 946 1965 msere
955 1912 1061 1966 videtur
1076 1908 1146 1964 Plio.
1165 1908 1235 1960 ito.
1245 1911 1320 1960 cib.
1330 1914 1359 1959 et

263 1986 364 2035 uisatur
392 1984 471 2035 cares
493 1996 540 2034 suo
562 1982 707 2035 hlausoleo.
748 1982 793 2035 Sic
830 1982 1359 2057 qunamona’ulaanmrtberonm’do·

264 2058 485 2125 Memohiiundt
499 2058 662 2124 Panotios,
677 2058 794 2124 turoi·
830 2067 911 2131 oeslr,
929 2065 973 2117 nst
997 2065 1052 2129 age
1072 2062 1106 2114 oe
1126 2063 1222 2113 niue
1247 2059 1360 2125 neapo

264 2136 411 2203 Babylona,
428 2136 535 2187 ionibus
550 2136 642 2188 illane
656 2138 793 2202 templum,
831 2139 941 2207 Ephesi:
956 2140 1055 2205 ‘Operi
1065 2134 1174 2203 prefuit
1184 2135 1361 2200 chersiphron

265 2206 561 2265 Caribusblsnsolenm.
592 2214 664 2265 Nihil
682 2214 724 2265 hle
740 2214 792 2265 loci
831 2217 998 2268 architectos.
1027 2214 1135 2266 sunu·
1153 2212 1290 2275 miraculo,
1305 2212 1361 2275 epi·

265 2290 417 2355 cuicumque
428 2288 574 2340 assiduitati
588 2290 644 2343 slve
659 2290 794 2343 laborandi
831 2295 912 2358 stylis
933 2299 1015 2344 tante
1033 2291 1107 2342 molis
1128 2289 1217 2340 attolli
1235 2287 1361 2352 potuisse.

265 2367 322 2418 slve
345 2366 485 2429 laudandi3
514 2367 575 2417 nihil
592 2366 636 2419 vei
655 2368 794 2419 honoribus
832 2368 866 2420 ld
875 2374 1028 2421 consecutus
1044 2371 1086 2417 est
1101 2366 1146 2417 ilie
1158 2364 1300 2416 herotilhos
1318 2363 1362 2413 ha·
1432 2394 1434 2397 -

267 2444 309 2495 vei
335 2442 493 2504 irerouibus;
518 2442 581 2494 nihil
607 2442 665 2496 deo.
701 2443 795 2495 Grono-
833 2444 1005 2512 templonio,
1019 2442 1091 2493 molli
1107 2442 1305 2508 pulvinosuper
1319 2450 1363 2489 es·

266 2521 328 2571 uss.
353 2519 481 2584 Assiduus]
515 2521 550 2574 Q.
565 2519 591 2572 d.
610 2521 705 2586 Neque
715 2523 796 2572 homi·
834 2523 891 2587 pits
914 2523 1091 2573 columnsrusn
1115 2515 1289 2583 exaggerato}
1310 2517 1362 2566 tto.

265 2607 313 2646 nes
324 2595 429 2646 assiduo
440 2594 559 2646 laborent
569 2596 594 2646 iu
606 2597 737 2648 laudanda
745 2599 796 2647 lia·
834 2596 959 2649 hieminit
979 2609 1082 2664 quoque
1105 2595 1230 2646 lemnon
1248 2608 1282 2643 ex
1302 2593 1364 2643 olss

266 2671 381 2735 bylone3
398 2683 483 2735 neqtre
500 2671 580 2722 Cares
595 2672 726 2723 immodici
745 2675 799 2723 sint
836 2675 945 2739 palustri
961 2671 1090 2724 iacturum
1103 2671 1239 2722 Vitruvius
1252 2671 1271 2721 i.
1283 2677 1308 2720 o.
1321 2684 1366 2720 ex·

268 2746 294 2794 ln
321 2744 470 2794 extollendo
487 2745 630 2796 Mausoleo.
646 2745 798 2800 ‘Assiduus'
835 2757 929 2801 memo.
968 2749 1030 2799 Nou
1057 2747 1265 2798 dissimulandum
1284 2747 1365 2796 etism

269 2817 440 2884 cognoscor
448 2819 570 2869 laudandi
579 2821 799 2886 intelligiturmou
836 2823 907 2890 qnod
928 2823 990 2874 Pet.
1011 2822 1157 2872 Scriverius
1173 2835 1265 2871 noram
1287 2822 1365 2871 inter·

271 2903 359 2946 antem
371 2893 526 2946 edificandi.
559 2895 610 2946 Alii
623 2898 712 2962 legum
725 2899 800 2964 Assy·
836 2901 1006 2966 punctionem
1015 2900 1186 2949 etlectionens
1195 2898 1366 2962 excogitarit:

269 2971 337 3022 tiss:
350 2977 380 3021 ot
393 2969 521 3034 Alcistas,
531 2971 800 3035 immonitiones·
838 2977 892 3027 Nec
904 2975 1084 3039 noviomo
1094 2975 1165 3024 ssoies
1174 2975 1315 3025 losdmm:
1325 2973 1366 3023 hs·

270 3053 329 3098 tos:
357 3053 386 3097 et
408 3048 497 3097 homos
522 3047 635 3112 pmsiies
654 3049 802 3114 Babylonis,
836 3065 908 3103 mres
919 3051 1115 3116 viminalem
1128 3052 1169 3115 iu.
1200 3053 1296 3101 Verum
1312 3065 1366 3101 uon

269 3134 321 3176 non
341 3137 426 3174 muros
444 3123 618 3174 Semiramidis
633 3125 799 3190 iutelliprrotz
837 3121 1366 3193 egestn,nnsnero,eteeismo'hisrtlslis;

270 3198 328 3250 illos
337 3207 424 3251 eutem
435 3197 576 3250 fabricatos
586 3201 613 3250 in
624 3201 733 3266 gratiam
744 3204 800 3267 pei·
836 3205 903 3256 dura
913 3203 990 3254 nimis
1001 3211 1029 3254 et
1038 3202 1078 3253 ilii
1087 3204 1210 3254 insolens.

271 3276 329 3327 licis
350 3291 366 3327 u
384 3289 448 3340 rege
469 3275 587 3341 Assyrio,
605 3279 671 3329 satis
689 3287 801 3330 constat.
870 3279 1101 3344 solantem,
1114 3279 1169 3344 ln]
1208 3279 1269 3330 Non
1285 3295 1367 3348 usqne

271 3349 437 3416 ‘Assyrium'
454 3353 535 3402 etium
552 3353 699 3404 ‘laborent'
712 3357 802 3421 sppel·
835 3355 904 3408 odeo
921 3354 1024 3417 etms,
1041 3369 1094 3405 non
1110 3363 1232 3421 tanosm
1249 3355 1367 3407 divium

271 3427 336 3491 lsut,
355 3427 424 3492 quod
446 3425 565 3493 Babylon
584 3437 664 3494 caput
683 3429 801 3497 Assyrio·
838 3449 903 3500 opas
919 3433 1015 3499 incisi,
1033 3445 1093 3482 cuns
1114 3431 1147 3482 sb
1166 3429 1369 3496 Amphitheatro

271 3515 337 3555 mm.
360 3502 429 3552 Vide
442 3509 469 3556 et
480 3503 605 3554 Politian.
619 3505 733 3559 bllsoeii.
750 3510 801 3560 iu
837 3510 942 3561 mortsii
954 3522 1034 3559 mauu
1051 3507 1125 3558 lecto
1144 3506 1215 3556 llisrn
1231 3506 1310 3572 longe
1325 3521 1369 3558 sn·

270 3579 387 3631 Tumeh.
397 3581 416 3630 l.
428 3585 469 3632 17.
495 3581 587 3644 ductet,
603 3583 656 3647 ho]
678 3585 802 3638 celebret
837 3593 956 3652 peratum
983 3583 1127 3634 videsnus.
1170 3583 1223 3634 Aru
1241 3581 1368 3650 frenum]

272 3657 342 3708 lllsur
365 3656 484 3708 Orientis
511 3659 638 3723 reginum,
662 3675 801 3728 arcamque
838 3660 1229 3724 liuuiovlsiisnsnsonisspud
1244 3661 1370 3712 Nasumo·

271 3735 412 3786 Persarnm
423 3747 454 3784 se
471 3747 561 3800 regare
578 3733 742 3798 domicilium,
758 3752 802 3789 oa·
839 3752 895 3808 nas,
914 3753 972 3806 qne
989 3752 1039 3791 nec
1058 3736 1151 3804 opibus
1166 3751 1217 3788 nse
1238 3745 1371 3789 onumen

266 3811 311 3878 jus
322 3809 441 3862 eonditor
460 3811 528 3862 hiosl
541 3826 577 3862 ex
593 3813 662 3864 (leo.
680 3813 802 3866 laudatur
839 3823 896 3868 eret
921 3814 1048 3878 lusipnls3
1072 3812 1121 3864 sed
1142 3812 1220 3874 tupho
1245 3814 1372 3878 mois,

273 3888 444 3941 Nembrotos.
477 3887 542 3938 liud.
840 3892 968 3959 Apollinis
978 3891 1060 3952 Delii,
1072 3891 1105 3941 eb
1118 3891 1176 3955 ipso
1189 3890 1326 3956 quadrimo
1335 3905 1371 3942 ex

303 3963 429 4016 tibtote
440 3965 536 4030 respo]
565 3966 660 4017 Dionae
672 3967 803 4033 Ephesiae,
839 3969 962 4023 comibus
980 3967 1156 4032 Cynthiadum
1173 3979 1324 4031 cspsessuns
1354 3982 1371 4018 e

273 4055 332 4108 quae
344 4041 453 4093 ‘'ihlvis'
468 4041 566 4093 dicitnr
582 4056 598 4093 a
616 4045 715 4111 triplici
726 4059 804 4098 cursu
841 4043 1140 4099 somieinterisoternm
1149 4049 1320 4107 compactust
1336 4042 1372 4094 ds

274 4119 323 4169 suh
351 4119 473 4187 hodiem,
493 4121 635 4172 secuudum
663 4123 804 4190 longitudi·
842 4138 894 4192 quo
913 4123 1011 4174 diserte
1028 4121 1110 4172 orte.
1128 4120 1155 4170 lu
1170 4119 1221 4185 Ep.
1235 4119 1371 4187 cydippes

274 4195 525 4263 nem‚latltudloem,
533 4205 560 4250 et
568 4199 731 4252 altitudinem
741 4217 748 4252 ι
760 4203 805 4254 tei
843 4202 876 4254 ad
893 4199 1049 4254 decutiam:
1072 4197 1179 4249 ‘hlimr
1194 4197 1372 4250 etimomeris
